@inproceedings{Linder:2021ujs,
    author = "Linder, Eric V.",
    title = "{What is the Standard Cosmological Model?}",
    journal = {arXiv e-prints},
    eprint = "2105.02903",
    archivePrefix = "arXiv",
    primaryClass = "astro-ph.CO",
    month = "5",
    year = "2021"
}



@article{DiValentino:2020kha,
    author = "Di Valentino, Eleonora and Linder, Eric V. and Melchiorri, Alessandro",
    title = "{$H_0$ ex machina: Vacuum metamorphosis and beyond $H_0$}",
    eprint = "2006.16291",
    archivePrefix = "arXiv",
    primaryClass = "astro-ph.CO",
    doi = "10.1016/j.dark.2020.100733",
    journal = "Phys. Dark Univ.",
    volume = "30",
    pages = "100733",
    year = "2020"
}


@article{Antony:2022ert,
    author = "Antony, Akhil and Finelli, Fabio and Hazra, Dhiraj Kumar and Shafieloo, Arman",
    title = "{Discordances in cosmology and the violation of slow-roll inflationary dynamics}",
    eprint = "2202.14028",
    journal = {arXiv e-prints},
    archivePrefix = "arXiv",
    primaryClass = "astro-ph.CO",
    month = "2",
    year = "2022"
}

@article{Hazra:2022rdl,
    author = "Hazra, Dhiraj Kumar and Antony, Akhil and Shafieloo, Arman",
    title = "{One spectrum to cure them all: Signature from early Universe solves major anomalies and tensions in cosmology}",
    eprint = "2201.12000",
    journal = {arXiv e-prints},
    archivePrefix = "arXiv",
    primaryClass = "astro-ph.CO",
    month = "1",
    year = "2022"
}




@article{Hazra:2018opk,
    author = "Hazra, Dhiraj Kumar and Shafieloo, Arman and Souradeep, Tarun",
    title = "{Parameter discordance in Planck CMB and low-redshift measurements: projection in the primordial power spectrum}",
    eprint = "1810.08101",
    archivePrefix = "arXiv",
    primaryClass = "astro-ph.CO",
    doi = "10.1088/1475-7516/2019/04/036",
    journal = "JCAP",
    volume = "04",
    pages = "036",
    year = "2019"
}



@article{Chevallier:2000qy,
    author = "Chevallier, Michel and Polarski, David",
    title = "{Accelerating universes with scaling dark matter}",
    eprint = "gr-qc/0009008",
    archivePrefix = "arXiv",
    doi = "10.1142/S0218271801000822",
    journal = "Int. J. Mod. Phys. D",
    volume = "10",
    pages = "213--224",
    year = "2001"
}


@article{Linder:2002et,
    author = "Linder, Eric V.",
    title = "{Exploring the expansion history of the universe}",
    eprint = "astro-ph/0208512",
    archivePrefix = "arXiv",
    doi = "10.1103/PhysRevLett.90.091301",
    journal = "Phys. Rev. Lett.",
    volume = "90",
    pages = "091301",
    year = "2003"
}


@article{Brout:2022vxf,
    author = "Brout, Dillon and others",
    title = "{The Pantheon+ Analysis: Cosmological Constraints}",
    eprint = "2202.04077",
     journal = "arXiv e-prints",
    archivePrefix = "arXiv",
    primaryClass = "astro-ph.CO",
    month = "2",
    year = "2022"
}


@article{Shafieloo:2016zga,
    author = "Shafieloo, Arman and Hazra, Dhiraj Kumar",
    title = "{Consistency of the Planck CMB data and $\Lambda$CDM cosmology}",
    eprint = "1610.07402",
    archivePrefix = "arXiv",
    primaryClass = "astro-ph.CO",
    doi = "10.1088/1475-7516/2017/04/012",
    journal = "JCAP",
    volume = "04",
    number = {4},
    pages = "012",
    year = "2017"
}


@article{Shafieloo:2012yh,
    author = "Shafieloo, Arman",
    title = "{Crossing Statistic: Reconstructing the Expansion History of the Universe}",
    eprint = "1204.1109",
    archivePrefix = "arXiv",
    primaryClass = "astro-ph.CO",
    doi = "10.1088/1475-7516/2012/08/002",
    journal = "JCAP",
     number = {8},
    volume = "08",
    pages = "002",
    year = "2012"
}


@article{Shafieloo:2012jb,
    author = "Shafieloo, Arman",
    title = "{Crossing Statistic: Bayesian interpretation, model selection and resolving dark energy parametrization problem}",
    eprint = "1202.4808",
    archivePrefix = "arXiv",
    primaryClass = "astro-ph.CO",
    doi = "10.1088/1475-7516/2012/05/024",
    journal = "JCAP",
    number = {5},
    volume = "05",
    pages = "024",
    year = "2012"
}


@article{Keeley:2020aym,
    author = "Keeley, Ryan E. and Shafieloo, Arman and Zhao, Gong-Bo and Vazquez, Jose Alberto and Koo, Hanwool",
    title = "{Reconstructing the Universe: Testing the Mutual Consistency of the Pantheon and SDSS/eBOSS BAO Data Sets with Gaussian Processes}",
    eprint = "2010.03234",
    archivePrefix = "arXiv",
    primaryClass = "astro-ph.CO",
    doi = "10.3847/1538-3881/abdd2a",
    journal = "Astron. J.",
    volume = "161",
    number = "3",
    pages = "151",
    year = "2021"
}


@article{Schoneberg:2021qvd,
    author = {Sch\"oneberg, Nils and Franco Abell\'an, Guillermo and P\'erez S\'anchez, Andrea and Witte, Samuel J. and Poulin, Vivian and Lesgourgues, Julien},
    title = "{The $H_0$ Olympics: A fair ranking of proposed models}",
    eprint = "2107.10291",
    journal = "arXiv e-prints",
    archivePrefix = "arXiv",
    primaryClass = "astro-ph.CO",
    month = "7",
    year = "2021"
}



@article{Knox:2019rjx,
    author = "Knox, Lloyd and Millea, Marius",
    title = "{Hubble constant hunter\textquoteright{}s guide}",
    eprint = "1908.03663",
    archivePrefix = "arXiv",
    primaryClass = "astro-ph.CO",
    doi = "10.1103/PhysRevD.101.043533",
    journal = "Phys. Rev. D",
    volume = "101",
    number = "4",
    pages = "043533",
    year = "2020"
}


@article{Hill:2020osr,
    author = "Hill, J. Colin and McDonough, Evan and Toomey, Michael W. and Alexander, Stephon",
    title = "{Early dark energy does not restore cosmological concordance}",
    eprint = "2003.07355",
    archivePrefix = "arXiv",
    primaryClass = "astro-ph.CO",
    doi = "10.1103/PhysRevD.102.043507",
    journal = "Phys. Rev. D",
    volume = "102",
    number = "4",
    pages = "043507",
    year = "2020"
}


@article{DiValentino:2020kpf,
    author = "Di Valentino, Eleonora and Melchiorri, Alessandro and Mena, Olga and Pan, Supriya and Yang, Weiqiang",
    title = "{Interacting Dark Energy in a closed universe}",
    eprint = "2011.00283",
    archivePrefix = "arXiv",
    primaryClass = "astro-ph.CO",
    doi = "10.1093/mnrasl/slaa207",
    journal = "Mon. Not. Roy. Astron. Soc.",
    volume = "502",
    number = "1",
    pages = "L23--L28",
    year = "2021"
}


@article{Sakstein:2019fmf,
    author = "Sakstein, Jeremy and Trodden, Mark",
    title = "{Early Dark Energy from Massive Neutrinos as a Natural Resolution of the Hubble Tension}",
    eprint = "1911.11760",
    archivePrefix = "arXiv",
    primaryClass = "astro-ph.CO",
    doi = "10.1103/PhysRevLett.124.161301",
    journal = "Phys. Rev. Lett.",
    volume = "124",
    number = "16",
    pages = "161301",
    year = "2020"
}


@article{Kreisch:2019yzn,
    author = "Kreisch, Christina D. and Cyr-Racine, Francis-Yan and Dor\'e, Olivier",
    title = "{Neutrino puzzle: Anomalies, interactions, and cosmological tensions}",
    eprint = "1902.00534",
    archivePrefix = "arXiv",
    primaryClass = "astro-ph.CO",
    doi = "10.1103/PhysRevD.101.123505",
    journal = "Phys. Rev. D",
    volume = "101",
    number = "12",
    pages = "123505",
    year = "2020"
}


@article{Park:2019ibn,
    author = "Park, Minsu and Kreisch, Christina D. and Dunkley, Jo and Hadzhiyska, Boryana and Cyr-Racine, Francis-Yan",
    title = "{$\Lambda$CDM or self-interacting neutrinos: How CMB data can tell the two models apart}",
    eprint = "1904.02625",
    archivePrefix = "arXiv",
    primaryClass = "astro-ph.CO",
    doi = "10.1103/PhysRevD.100.063524",
    journal = "Phys. Rev. D",
    volume = "100",
    number = "6",
    pages = "063524",
    year = "2019"
}


@article{Poulin:2018cxd,
    author = "Poulin, Vivian and Smith, Tristan L. and Karwal, Tanvi and Kamionkowski, Marc",
    title = "{Early Dark Energy Can Resolve The Hubble Tension}",
    eprint = "1811.04083",
    archivePrefix = "arXiv",
    primaryClass = "astro-ph.CO",
    doi = "10.1103/PhysRevLett.122.221301",
    journal = "Phys. Rev. Lett.",
    volume = "122",
    number = "22",
    pages = "221301",
    year = "2019"
}


@article{LIGOScientific:2019zcs,
    author = "Abbott, B. P. and others",
    collaboration = "LIGO Scientific, Virgo, VIRGO",
    title = "{A Gravitational-wave Measurement of the Hubble Constant Following the Second Observing Run of Advanced LIGO and Virgo}",
    eprint = "1908.06060",
    archivePrefix = "arXiv",
    primaryClass = "astro-ph.CO",
    reportNumber = "LIGO-P1900015",
    doi = "10.3847/1538-4357/abdcb7",
    journal = "Astrophys. J.",
    volume = "909",
    number = "2",
    pages = "218",
    year = "2021",
    note = "[Erratum: Astrophys.J. 923, 279 (2021)]"
}


@article{LIGOScientific:2017adf,
    author = "Abbott, B. P. and others",
    collaboration = "LIGO Scientific, Virgo, 1M2H, Dark Energy Camera GW-E, DES, DLT40, Las Cumbres Observatory, VINROUGE, MASTER",
    title = "{A gravitational-wave standard siren measurement of the Hubble constant}",
    eprint = "1710.05835",
    archivePrefix = "arXiv",
    primaryClass = "astro-ph.CO",
    reportNumber = "LIGO-P1700296, FERMILAB-PUB-17-472-A-AE",
    doi = "10.1038/nature24471",
    journal = "Nature",
    volume = "551",
    number = "7678",
    pages = "85--88",
    year = "2017"
}



@article{Birrer:2020tax,
    author = "Birrer, S. and others",
    title = "{TDCOSMO - IV. Hierarchical time-delay cosmography \textendash{} joint inference of the Hubble constant and galaxy density profiles}",
    eprint = "2007.02941",
    archivePrefix = "arXiv",
    primaryClass = "astro-ph.CO",
    doi = "10.1051/0004-6361/202038861",
    journal = "Astron. Astrophys.",
    volume = "643",
    pages = "A165",
    year = "2020"
}



@article{DiValentino:2019qzk,
    author = "Di Valentino, Eleonora and Melchiorri, Alessandro and Silk, Joseph",
    title = "{Planck evidence for a closed Universe and a possible crisis for cosmology}",
    eprint = "1911.02087",
    archivePrefix = "arXiv",
    primaryClass = "astro-ph.CO",
    doi = "10.1038/s41550-019-0906-9",
    journal = "Nature Astron.",
    volume = "4",
    number = "2",
    pages = "196--203",
    year = "2019"
}


@article{Ryan:2019uor,
    author = "Ryan, Joseph and Chen, Yun and Ratra, Bharat",
    title = "{Baryon acoustic oscillation, Hubble parameter, and angular size measurement constraints on the Hubble constant, dark energy dynamics, and spatial curvature}",
    eprint = "1902.03196",
    archivePrefix = "arXiv",
    primaryClass = "astro-ph.CO",
    doi = "10.1093/mnras/stz1966",
    journal = "Mon. Not. Roy. Astron. Soc.",
    volume = "488",
    number = "3",
    pages = "3844--3856",
    year = "2019"
}


@ARTICLE{2020PhRvD.101j3517B,
       author = {{Benevento}, Giampaolo and {Hu}, Wayne and {Raveri}, Marco},
        title = "{Can late dark energy transitions raise the Hubble constant?}",
      journal = {Physical Review D},
     keywords = {Astrophysics - Cosmology and Nongalactic Astrophysics},
         year = 2020,
        month = may,
       volume = {101},
       number = {10},
          eid = {103517},
        pages = {103517},
          doi = {10.1103/PhysRevD.101.103517},
archivePrefix = {arXiv},
       eprint = {2002.11707},
 primaryClass = {astro-ph.CO},
       adsurl = {https://ui.adsabs.harvard.edu/abs/2020PhRvD.101j3517B},
      adsnote = {Provided by the SAO/NASA Astrophysics Data System}
}



@ARTICLE{2021CmPhy...4..123J,
       author = {{Jedamzik}, Karsten and {Pogosian}, Levon and {Zhao}, Gong-Bo},
        title = "{Why reducing the cosmic sound horizon alone can not fully resolve the Hubble tension}",
      journal = {Communications Physics},
     keywords = {Astrophysics - Cosmology and Nongalactic Astrophysics, High Energy Physics - Phenomenology},
         year = 2021,
        month = dec,
       volume = {4},
       number = {1},
          eid = {123},
        pages = {123},
          doi = {10.1038/s42005-021-00628-x},
archivePrefix = {arXiv},
       eprint = {2010.04158},
 primaryClass = {astro-ph.CO},
       adsurl = {https://ui.adsabs.harvard.edu/abs/2021CmPhy...4..123J},
      adsnote = {Provided by the SAO/NASA Astrophysics Data System}
}



@ARTICLE{2016JCAP...10..019B,
       author = {{Bernal}, Jos{\'e} Luis and {Verde}, Licia and {Riess}, Adam G.},
        title = "{The trouble with H$_{0}$}",
      journal = {JCAP},
     keywords = {Astrophysics - Cosmology and Nongalactic Astrophysics},
         year = 2016,
        month = oct,
       volume = {2016},
       number = {10},
          eid = {019},
        pages = {019},
          doi = {10.1088/1475-7516/2016/10/019},
archivePrefix = {arXiv},
       eprint = {1607.05617},
 primaryClass = {astro-ph.CO},
       adsurl = {https://ui.adsabs.harvard.edu/abs/2016JCAP...10..019B},
      adsnote = {Provided by the SAO/NASA Astrophysics Data System}
}



@article{Abdalla:2022yfr,
    author = "Abdalla, Elcio and others",
    title = "{Cosmology intertwined: A review of the particle physics, astrophysics, and cosmology associated with the cosmological tensions and anomalies}",
    eprint = "2203.06142",
    archivePrefix = "arXiv",
    primaryClass = "astro-ph.CO",
    reportNumber = "FERMILAB-CONF-22-192-SCD",
    doi = "10.1016/j.jheap.2022.04.002",
    journal = "JHEAp",
    volume = "34",
    pages = "49--211",
    year = "2022"
}




@article{Li:2019yem,
	archiveprefix = {arXiv},
	author = {Li, Xiaolei and Shafieloo, Arman},
	doi = {10.3847/2041-8213/ab3e09},
	eprint = {1906.08275},
	journal = {Astrophys. J. Lett.},
	number = {1},
	pages = {L3},
	primaryclass = {astro-ph.CO},
	title = {{A Simple Phenomenological Emergent Dark Energy Model can Resolve the Hubble Tension}},
	volume = {883},
	year = {2019},
	Bdsk-Url-1 = {https://doi.org/10.3847/2041-8213/ab3e09}}

@ARTICLE{2018PhRvD..97l3501J,
       author = {{Joudaki}, Shahab and {Kaplinghat}, Manoj and {Keeley}, Ryan and {Kirkby}, David},
        title = "{Model independent inference of the expansion history and implications for the growth of structure}",
      journal = {Phys. Rev. D},
     keywords = {Astrophysics - Cosmology and Nongalactic Astrophysics},
         year = 2018,
        month = jun,
       volume = {97},
       number = {12},
          eid = {123501},
        pages = {123501},
          doi = {10.1103/PhysRevD.97.123501},
archivePrefix = {arXiv},
       eprint = {1710.04236},
 primaryClass = {astro-ph.CO},
       adsurl = {https://ui.adsabs.harvard.edu/abs/2018PhRvD..97l3501J},
      adsnote = {Provided by the SAO/NASA Astrophysics Data System}
}



@ARTICLE{2020JCAP...09..055K,
       author = {{Keeley}, Ryan E. and {Shafieloo}, Arman and {Hazra}, Dhiraj Kumar and {Souradeep}, Tarun},
        title = "{Inflation wars: a new hope}",
      journal = {JCAP},
     keywords = {Astrophysics - Cosmology and Nongalactic Astrophysics},
         year = 2020,
        month = sep,
       volume = {2020},
       number = {9},
          eid = {055},
        pages = {055},
          doi = {10.1088/1475-7516/2020/09/055},
archivePrefix = {arXiv},
       eprint = {2006.12710},
 primaryClass = {astro-ph.CO},
       adsurl = {https://ui.adsabs.harvard.edu/abs/2020JCAP...09..055K},
      adsnote = {Provided by the SAO/NASA Astrophysics Data System}
}



@ARTICLE{2019JCAP...12..035K,
       author = {{Keeley}, Ryan E. and {Joudaki}, Shahab and {Kaplinghat}, Manoj and {Kirkby}, David},
        title = "{Implications of a transition in the dark energy equation of state for the H$_{0}$ and {\ensuremath{\sigma}}$_{8}$ tensions}",
      journal = {JCAP},
     keywords = {Astrophysics - Cosmology and Nongalactic Astrophysics},
         year = 2019,
        month = dec,
       volume = {2019},
       number = {12},
          eid = {035},
        pages = {035},
          doi = {10.1088/1475-7516/2019/12/035},
archivePrefix = {arXiv},
       eprint = {1905.10198},
 primaryClass = {astro-ph.CO},
       adsurl = {https://ui.adsabs.harvard.edu/abs/2019JCAP...12..035K},
      adsnote = {Provided by the SAO/NASA Astrophysics Data System}
}



@article{Pan-STARRS1:2017jku,
    author = "Scolnic, D. M. and others",
    collaboration = "Pan-STARRS1",
    title = "{The Complete Light-curve Sample of Spectroscopically Confirmed SNe Ia from Pan-STARRS1 and Cosmological Constraints from the Combined Pantheon Sample}",
    eprint = "1710.00845",
    archivePrefix = "arXiv",
    primaryClass = "astro-ph.CO",
    doi = "10.3847/1538-4357/aab9bb",
    journal = "Astrophys. J.",
    volume = "859",
    number = "2",
    pages = "101",
    year = "2018"
}


@article{eBOSS:2020yzd,
    author = "Alam, Shadab and others",
    collaboration = "eBOSS",
    title = "{Completed SDSS-IV extended Baryon Oscillation Spectroscopic Survey: Cosmological implications from two decades of spectroscopic surveys at the Apache Point Observatory}",
    eprint = "2007.08991",
    archivePrefix = "arXiv",
    primaryClass = "astro-ph.CO",
    doi = "10.1103/PhysRevD.103.083533",
    journal = "Phys. Rev. D",
    volume = "103",
    number = "8",
    pages = "083533",
    year = "2021"
}


@article{Riess:2021jrx,
    author = "Riess, Adam G. and others",
    title = "{A Comprehensive Measurement of the Local Value of the Hubble Constant with 1 km/s/Mpc Uncertainty from the Hubble Space Telescope and the SH0ES Team}",
    journal="arXiv e-prints",
    eprint = "2112.04510",
    archivePrefix = "arXiv",
    primaryClass = "astro-ph.CO",
    month = "12",
    year = "2021"
}



@article{Planck:2018vyg,
    author = "Aghanim, N. and others",
    collaboration = "Planck",
    title = "{Planck 2018 results. VI. Cosmological parameters}",
    eprint = "1807.06209",
    archivePrefix = "arXiv",
    primaryClass = "astro-ph.CO",
    doi = "10.1051/0004-6361/201833910",
    journal = "Astron. Astrophys.",
    volume = "641",
    pages = "A6",
    year = "2020",
    note = "[Erratum: Astron.Astrophys. 652, C4 (2021)]"
}


@article{Riess:2016jrr,
	archiveprefix = {arXiv},
	author = {Riess, Adam G. and others},
	doi = {10.3847/0004-637X/826/1/56},
	eprint = {1604.01424},
	journal = {Astrophys. J.},
	number = {1},
	pages = {56},
	primaryclass = {astro-ph.CO},
	slaccitation = {%%CITATION = ARXIV:1604.01424;%%},
	title = {{A 2.4\% Determination of the Local Value of the Hubble Constant}},
	volume = {826},
	year = {2016},
	Bdsk-Url-1 = {https://doi.org/10.3847/0004-637X/826/1/56}}

@article{Riess:2020fzl,
    author = "Riess, Adam G. and Casertano, Stefano and Yuan, Wenlong and Bowers, J. Bradley and Macri, Lucas and Zinn, Joel C. and Scolnic, Dan",
    title = "{Cosmic Distances Calibrated to 1\% Precision with Gaia EDR3 Parallaxes and Hubble Space Telescope Photometry of 75 Milky Way Cepheids Confirm Tension with $\Lambda$CDM}",
    eprint = "2012.08534",
    archivePrefix = "arXiv",
    primaryClass = "astro-ph.CO",
    doi = "10.3847/2041-8213/abdbaf",
    journal = "Astrophys. J. Lett.",
    volume = "908",
    number = "1",
    pages = "L6",
    year = "2021"
}

@article{Riess:2019cxk,
	archiveprefix = {arXiv},
	author = {Riess, Adam G. and Casertano, Stefano and Yuan, Wenlong and Macri, Lucas M. and Scolnic, Dan},
	doi = {10.3847/1538-4357/ab1422},
	eprint = {1903.07603},
	journal = {Astrophys. J.},
	number = {1},
	pages = {85},
	primaryclass = {astro-ph.CO},
	slaccitation = {%%CITATION = ARXIV:1903.07603;%%},
	title = {{Large Magellanic Cloud Cepheid Standards Provide a 1\% Foundation for the Determination of the Hubble Constant and Stronger Evidence for Physics beyond $\Lambda$CDM}},
	volume = {876},
	year = {2019},
	Bdsk-Url-1 = {https://doi.org/10.3847/1538-4357/ab1422}}
	
@article{Freedman:2019jwv,
    author = "Freedman, Wendy L. and others",
    title = "{The Carnegie-Chicago Hubble Program. VIII. An Independent Determination of the Hubble Constant Based on the Tip of the Red Giant Branch}",
    journal = "arXiv e-prints",
    eprint = "1907.05922",
    archivePrefix = "arXiv",
    primaryClass = "astro-ph.CO",
    doi = "10.3847/1538-4357/ab2f73",
    month = "7",
    year = "2019"
}

